@online{santos:11,
  author = {Luiz Henrique Lopes Dos Santos},
  title = {Sobre a integridade ética da pesquisa},
  date = {2014-06-04},
  url = {http://www.fapesp.br/6566},
  }
@online{oliva:11,
author = {Glaucius Oliva },
title = {Ética e Integridade na Prática Científica},
date = {2014-06-04},
url = {http://memoria.cnpq.br/normas/lei_po_085_11.htm},
}
@online{muccioli:06,
author = {Cristina Muccioli, Mauro Campos, Mauro Goldchmit, Paulo E.C. Dantas, Samir J. Bechara, Vital Paulino Co},
title = {A ética, a pesquisa e a publicação científica},
date = {2014-06-13},
url = {http://www.scielo.br/pdf/abo/v69n6/a01v69n6.pdf},
}
@online{signi:etmo,
author = {7GRAUS},
title = {Significado de Ética e Moral},
date = {2014-06-13},
url = {http://www.significados.com.br/etica-e-moral/},
}
@online{FABIO,
author = {Fábio Luiz Antunes},
title = {Ética e Justiça em Aristóteles},
date = {2010-08-31},
url = {http://www.jurisway.org.br/v2/dhall.asp?id_dh=4658},
}
@online{ORLANDO,
author = {Orlando Braga},
title = {A Ética segundo S. Tomás de Aquino},
date = {2008-09-12},
url = {http://espectivas.wordpress.com/2008/09/12/a-etica-segundo-s-tomas-de-aquino/},
}
@online{BRUNO,
author = {Bruno Cava},
title = {A ética de Spinoza},
date = {2011-05-09},
url = {http://www.quadradodosloucos.com.br/1375/a-etica-de-spinoza/},
}
@online{FORUM,
author = {Fórum de Ética},
title = {Teorias de Max Weber},
date = {2014-06-13},
url = {http://www.eticus.com/teoriaseticas.php?sp=7},
}
@InCollection{PETER,
  author = 	 {Peter Kevin Spink},
  title = 	 {Ética Na pesquisa científica},
  booktitle = 	 {Ética em tempos de crise},
  pages = 	 {38--41},
  publisher =    {GV-executivo},
  year = 	 {2012},
  editor = 	 {}
}











